<?xml version="1.0" encoding="UTF-8"?><collection xmlns="http://www.loc.gov/MARC21/slim"><record><leader>00465nam--2200145-i-4500</leader><controlfield tag="001">000012856</controlfield><controlfield tag="002">20161230</controlfield><controlfield tag="005">20170123171325</controlfield><controlfield tag="008">060222s1000------------r-----000-0-eng-d</controlfield><datafield ind1=" " ind2=" " tag="080"><subfield code="a">543/545</subfield></datafield><datafield ind1=" " ind2=" " tag="245"><subfield code="a">Comprehensive analytical chemistry. Ultraviolet photoelectron and photoion spectroscopy auger electron spectroscopy..</subfield></datafield><datafield ind1=" " ind2=" " tag="260"><subfield code="a">Amsterdam</subfield><subfield code="b">Elsevier Scientific Publishing Company</subfield><subfield code="c">1977</subfield></datafield><datafield ind1=" " ind2=" " tag="700"><subfield code="a">Svehla, G</subfield></datafield><datafield ind1=" " ind2=" " tag="852"><subfield code="a">17130</subfield></datafield><datafield ind1=" " ind2=" " tag="CAT"><subfield code="a">SYS</subfield><subfield code="c">20170123</subfield><subfield code="h">171325</subfield></datafield></record></collection>